@book{yeager1996web,
  title={Web server technology},
  author={Yeager, Nancy J and McGrath, Robert E},
  year={1996},
  publisher={Morgan Kaufmann}
}

@article{touch1998analysis,
  title={Analysis of HTTP performance},
  author={Touch, Joe and Heidemann, John and Obraczka, Katia},
  journal={URL: http://www. isi. edu/touch/pubs/http-perf96/>, ISI Research Report ISI/RR-98-463,(original report dated Aug. 1996), USC/Information Sciences Institute},
  year={1998}
}

@article{putro2022comparison,
  title={Comparison Analysis of Apache and Nginx Webserver Load Balancing on Proxmox VE in Supporting Server Performance},
  author={Putro, Zuki Pristiantoro and Supono, Riza Adrianti},
  journal={International Research Journal of Advanced Engineering and Science},
  volume={7},
  number={3},
  pages={144--151},
  year={2022}
}

@incollection{tian2023building,
  title={Building TCP/IP Socket Applications},
  author={Tian, Yu-Chu and Gao, Jing},
  booktitle={Network Analysis and Architecture},
  pages={501--540},
  year={2023},
  publisher={Springer}
}

@book{stivens,
  author         = {Стивенс Вильям},
  publisher      = {М.: Питер},
  title          = {UNIX: Взаимодействие Процессов},
  year           = {2003}
}

@book{hunt2002tcp,
  title={TCP/IP network administration},
  author={Hunt, Craig},
  volume={2},
  year={2002},
  publisher={" O'Reilly Media, Inc."}
}

@book{gourley2002http,
  title={HTTP: the definitive guide},
  author={Gourley, David and Totty, Brian},
  year={2002},
  publisher={" O'Reilly Media, Inc."}
}